<?xml version="1.0" encoding="UTF-8"?><collection xmlns="http://www.loc.gov/MARC21/slim"><record><leader>00433nam--2200169-i-4500</leader><controlfield tag="001">000002050</controlfield><controlfield tag="002">20161230</controlfield><controlfield tag="005">20170211161814</controlfield><controlfield tag="008">060222s1000------------r-----000-0-eng-d</controlfield><datafield ind1=" " ind2=" " tag="080"><subfield code="a">541.15</subfield></datafield><datafield ind1=" " ind2=" " tag="100"><subfield code="a">Glafkides, Pierre</subfield></datafield><datafield ind1=" " ind2=" " tag="245"><subfield code="a">Chimie photographique. Preface par L.P.Clerc</subfield></datafield><datafield ind1=" " ind2=" " tag="250"><subfield code="a">2-e edition</subfield></datafield><datafield ind1=" " ind2=" " tag="260"><subfield code="a">Paris</subfield><subfield code="b">Publiscations Photo-Cinema</subfield><subfield code="c">1957</subfield></datafield><datafield ind1=" " ind2=" " tag="300"><subfield code="a">807 p</subfield></datafield><datafield ind1=" " ind2=" " tag="852"><subfield code="a">12246</subfield></datafield><datafield ind1=" " ind2=" " tag="CAT"><subfield code="a">SYS</subfield><subfield code="c">20170211</subfield><subfield code="h">161814</subfield></datafield></record></collection>